<!DOCTYPE html>
<meta charset="utf-8" />
<!-- version 1 -->
<title>[Gen 9] VGC 2026 Reg F replay: Nivles vs. salamionset</title>
<style>
html,body {font-family:Verdana, sans-serif;font-size:10pt;margin:0;padding:0;}body{padding:12px 0;} .battle-log {font-family:Verdana, sans-serif;font-size:10pt;} .battle-log-inline {border:1px solid #AAAAAA;background:#EEF2F5;color:black;max-width:640px;margin:0 auto 80px;padding-bottom:5px;} .battle-log .inner {padding:4px 8px 0px 8px;} .battle-log .inner-preempt {padding:0 8px 4px 8px;} .battle-log .inner-after {margin-top:0.5em;} .battle-log h2 {margin:0.5em -8px;padding:4px 8px;border:1px solid #AAAAAA;background:#E0E7EA;border-left:0;border-right:0;font-family:Verdana, sans-serif;font-size:13pt;} .battle-log .chat {vertical-align:middle;padding:3px 0 3px 0;font-size:8pt;} .battle-log .chat strong {color:#40576A;} .battle-log .chat em {padding:1px 4px 1px 3px;color:#000000;font-style:normal;} .chat.mine {background:rgba(0,0,0,0.05);margin-left:-8px;margin-right:-8px;padding-left:8px;padding-right:8px;} .spoiler {color:#BBBBBB;background:#BBBBBB;padding:0px 3px;} .spoiler:hover, .spoiler:active, .spoiler-shown {color:#000000;background:#E2E2E2;padding:0px 3px;} .spoiler a {color:#BBBBBB;} .spoiler:hover a, .spoiler:active a, .spoiler-shown a {color:#2288CC;} .chat code, .chat .spoiler:hover code, .chat .spoiler:active code, .chat .spoiler-shown code {border:1px solid #C0C0C0;background:#EEEEEE;color:black;padding:0 2px;} .chat .spoiler code {border:1px solid #CCCCCC;background:#CCCCCC;color:#CCCCCC;} .battle-log .rated {padding:3px 4px;} .battle-log .rated strong {color:white;background:#89A;padding:1px 4px;border-radius:4px;} .spacer {margin-top:0.5em;} .message-announce {background:#6688AA;color:white;padding:1px 4px 2px;} .message-announce a, .broadcast-green a, .broadcast-blue a, .broadcast-red a {color:#DDEEFF;} .broadcast-green {background-color:#559955;color:white;padding:2px 4px;} .broadcast-blue {background-color:#6688AA;color:white;padding:2px 4px;} .infobox {border:1px solid #6688AA;padding:2px 4px;} .infobox-limited {max-height:200px;overflow:auto;overflow-x:hidden;} .broadcast-red {background-color:#AA5544;color:white;padding:2px 4px;} .message-learn-canlearn {font-weight:bold;color:#228822;text-decoration:underline;} .message-learn-cannotlearn {font-weight:bold;color:#CC2222;text-decoration:underline;} .message-effect-weak {font-weight:bold;color:#CC2222;} .message-effect-resist {font-weight:bold;color:#6688AA;} .message-effect-immune {font-weight:bold;color:#666666;} .message-learn-list {margin-top:0;margin-bottom:0;} .message-throttle-notice, .message-error {color:#992222;} .message-overflow, .chat small.message-overflow {font-size:0pt;} .message-overflow::before {font-size:9pt;content:'...';} .subtle {color:#3A4A66;}
</style>
<div class="wrapper replay-wrapper" style="max-width:1180px;margin:0 auto">
<input type="hidden" name="replayid" value="gen9vgc2026regf-2537270266-m27gb0tvqqnfj3nbou25ugyhiix56dmpw" />
<div class="battle"></div><div class="battle-log"></div><div class="replay-controls"></div><div class="replay-controls-2"></div>
<h1 style="font-weight:normal;text-align:center"><strong>[Gen 9] VGC 2026 Reg F</strong><br /><a href="http://pokemonshowdown.com/users/nivles" class="subtle" target="_blank">Nivles</a> vs. <a href="http://pokemonshowdown.com/users/salamionset" class="subtle" target="_blank">salamionset</a></h1>
<script type="text/plain" class="battle-log-data">|j|☆Nivles
|j|☆salamionset

|t:|1770788119
|gametype|doubles
|player|p1|Nivles|101|1584
|player|p2|salamionset|265|1626
|gen|9
|tier|[Gen 9] VGC 2026 Reg F
|rated|
|rule|Species Clause: Limit one of each Pokémon
|rule|Item Clause: Limit 1 of each item
|clearpoke
|poke|p1|Tornadus, L50, M|
|poke|p1|Ursaluna, L50, F|
|poke|p1|Incineroar, L50, F|
|poke|p1|Urshifu-*, L50, M|
|poke|p1|Amoonguss, L50, F|
|poke|p1|Porygon2, L50|
|poke|p2|Sandaconda, L50, M|
|poke|p2|Gastrodon, L50, M|
|poke|p2|Orthworm, L50, M|
|poke|p2|Tyranitar, L50, M|
|poke|p2|Glimmora, L50, M|
|poke|p2|Landorus-Therian, L50, M|
|teampreview|4
|uhtml|otsrequest|<button name="send" value="\/acceptopenteamsheets" class="button" style="margin-right: 10px;"><strong>Accept Open Team Sheets<\/strong><\/button><button name="send" value="\/rejectopenteamsheets" class="button" style="margin-top: 10px"><strong>Deny Open Team Sheets<\/strong><\/button>
|inactive|Battle timer is ON: inactive players will automatically lose when time's up. (requested by salamionset)
|inactive|Time left: 90 sec this turn | 420 sec total | 90 sec grace
|uhtmlchange|otsrequest|
salamionset rejected open team sheets.
|inactive|salamionset has 60 seconds left.
|
|t:|1770788156
|teamsize|p1|4
|teamsize|p2|4
|start
|uhtmlchange|otsrequest|
|switch|p1a: Tornadus|Tornadus, L50, M, shiny|100\/100
|switch|p1b: Urshifu|Urshifu-Rapid-Strike, L50, M|100\/100
|switch|p2a: Sandaconda|Sandaconda, L50, M|179\/179
|switch|p2b: Glimmora|Glimmora, L50, M|159\/159
|turn|1
|inactive|Time left: 55 sec this turn | 420 sec total
|
|t:|1770788172
|switch|p2b: Gastrodon|Gastrodon, L50, M|218\/218
|move|p1a: Tornadus|Tailwind|p1a: Tornadus
|-sidestart|p1: Nivles|move: Tailwind
|move|p1b: Urshifu|Surging Strikes|p2b: Gastrodon
|-ability|p2b: Gastrodon|Storm Drain|boost
|-boost|p2b: Gastrodon|spa|1
|move|p2a: Sandaconda|Glare|p1b: Urshifu
|-status|p1b: Urshifu|par
|
|upkeep
|turn|2
|inactive|Time left: 55 sec this turn | 410 sec total
|inactive|salamionset has 30 seconds left.
|
|t:|1770788199
|switch|p1b: Amoonguss|Amoonguss, L50, F, shiny|100\/100
|-terastallize|p2b: Gastrodon|Fairy
|move|p1a: Tornadus|Bleakwind Storm|p2a: Sandaconda|[spread] p2a
|-miss|p1a: Tornadus|p2b: Gastrodon
|-damage|p2a: Sandaconda|118\/179
|-weather|Sandstorm|[from] ability: Sand Spit|[of] p2a: Sandaconda
|move|p2a: Sandaconda|Glare|p1a: Tornadus
|-status|p1a: Tornadus|par
|move|p2b: Gastrodon|Earth Power|p1b: Amoonguss
|-damage|p1b: Amoonguss|65\/100
|
|-weather|Sandstorm|[upkeep]
|-damage|p1a: Tornadus|95\/100 par|[from] Sandstorm
|-damage|p1b: Amoonguss|59\/100|[from] Sandstorm
|-damage|p2b: Gastrodon|205\/218|[from] Sandstorm
|upkeep
|turn|3
|inactive|Time left: 55 sec this turn | 385 sec total
|inactive|Nivles has 30 seconds left.
|
|t:|1770788226
|move|p2b: Gastrodon|Protect|p2b: Gastrodon
|-singleturn|p2b: Gastrodon|Protect
|move|p1a: Tornadus|Bleakwind Storm|p2b: Gastrodon|[spread] p2a
|-activate|p2b: Gastrodon|move: Protect
|-damage|p2a: Sandaconda|58\/179
|move|p1b: Amoonguss|Sludge Bomb|p2b: Gastrodon
|-activate|p2b: Gastrodon|move: Protect
|move|p2a: Sandaconda|Glare|p1b: Amoonguss
|-status|p1b: Amoonguss|par
|
|-weather|Sandstorm|[upkeep]
|-damage|p1a: Tornadus|89\/100 par|[from] Sandstorm
|-damage|p2b: Gastrodon|192\/218|[from] Sandstorm
|-damage|p1b: Amoonguss|53\/100 par|[from] Sandstorm
|upkeep
|turn|4
|inactive|Time left: 55 sec this turn | 370 sec total
|
|t:|1770788246
|move|p1a: Tornadus|Bleakwind Storm|p2b: Gastrodon|[spread] p2a,p2b
|-damage|p2a: Sandaconda|0 fnt
|-damage|p2b: Gastrodon|132\/218
|-unboost|p2b: Gastrodon|spe|1
|faint|p2a: Sandaconda
|move|p1b: Amoonguss|Sludge Bomb|p2b: Gastrodon
|-supereffective|p2b: Gastrodon
|-damage|p2b: Gastrodon|52\/218
|-enditem|p2b: Gastrodon|Sitrus Berry|[eat]
|-heal|p2b: Gastrodon|106\/218|[from] item: Sitrus Berry
|move|p2b: Gastrodon|Earth Power|p1b: Amoonguss
|-damage|p1b: Amoonguss|17\/100 par
|-enditem|p1b: Amoonguss|Sitrus Berry|[eat]
|-heal|p1b: Amoonguss|42\/100 par|[from] item: Sitrus Berry
|
|-weather|Sandstorm|[upkeep]
|-damage|p1a: Tornadus|83\/100 par|[from] Sandstorm
|-damage|p1b: Amoonguss|36\/100 par|[from] Sandstorm
|-damage|p2b: Gastrodon|93\/218|[from] Sandstorm
|-sideend|p1: Nivles|move: Tailwind
|upkeep
|inactive|Time left: 55 sec this turn | 355 sec total
|
|t:|1770788260
|switch|p2a: Glimmora|Glimmora, L50, M|159\/159
|turn|5
|inactive|Time left: 55 sec this turn | 345 sec total
|
|t:|1770788271
|move|p2b: Gastrodon|Protect|p2b: Gastrodon
|-singleturn|p2b: Gastrodon|Protect
|move|p1a: Tornadus|Tailwind|p1a: Tornadus
|-sidestart|p1: Nivles|move: Tailwind
|move|p2a: Glimmora|Sludge Wave|p1a: Tornadus|[spread] p1a,p1b
|-activate|p2b: Gastrodon|move: Protect
|-damage|p1a: Tornadus|34\/100 par
|-damage|p1b: Amoonguss|4\/100 par
|move|p1b: Amoonguss|Sludge Bomb|p2b: Gastrodon
|-activate|p2b: Gastrodon|move: Protect
|
|-weather|Sandstorm|[upkeep]
|-damage|p1a: Tornadus|28\/100 par|[from] Sandstorm
|-damage|p1b: Amoonguss|0 fnt|[from] Sandstorm
|-damage|p2b: Gastrodon|80\/218|[from] Sandstorm
|faint|p1b: Amoonguss
|upkeep
|
|t:|1770788289
|switch|p1b: Ursaluna|Ursaluna, L50, F, shiny|100\/100
|turn|6
|inactive|Time left: 55 sec this turn | 340 sec total
|
|t:|1770788300
|switch|p2b: Orthworm|Orthworm, L50, M|177\/177
|move|p1a: Tornadus|Rain Dance|p1a: Tornadus
|-weather|RainDance
|move|p1b: Ursaluna|Facade|p2b: Orthworm
|-resisted|p2b: Orthworm
|-damage|p2b: Orthworm|154\/177
|move|p2a: Glimmora|Sludge Wave|p1b: Ursaluna|[spread] p1a,p1b
|-immune|p2b: Orthworm
|-resisted|p1b: Ursaluna
|-damage|p1a: Tornadus|0 fnt
|-damage|p1b: Ursaluna|83\/100
|faint|p1a: Tornadus
|
|-weather|RainDance|[upkeep]
|-heal|p2b: Orthworm|165\/177|[from] item: Leftovers
|-status|p1b: Ursaluna|brn|[from] item: Flame Orb
|upkeep
|
|t:|1770788317
|switch|p1a: Urshifu|Urshifu-Rapid-Strike, L50, M|100\/100 par
|turn|7
|inactive|Time left: 55 sec this turn | 335 sec total
|
|t:|1770788332
|move|p1b: Ursaluna|Headlong Rush|p2a: Glimmora
|-supereffective|p2a: Glimmora
|-enditem|p2a: Glimmora|Focus Sash
|-damage|p2a: Glimmora|1\/159
|-unboost|p1b: Ursaluna|def|1
|-unboost|p1b: Ursaluna|spd|1
|-activate|p2a: Glimmora|ability: Toxic Debris
|-sidestart|p1: Nivles|move: Toxic Spikes
|move|p2a: Glimmora|Sludge Wave|p1b: Ursaluna|[spread] p1a,p1b
|-immune|p2b: Orthworm
|-resisted|p1b: Ursaluna
|-damage|p1a: Urshifu|48\/100 par
|-damage|p1b: Ursaluna|56\/100 brn
|cant|p1a: Urshifu|par
|move|p2b: Orthworm|Iron Defense|p2b: Orthworm
|-boost|p2b: Orthworm|def|2
|
|-weather|RainDance|[upkeep]
|-heal|p2b: Orthworm|176\/177|[from] item: Leftovers
|-damage|p1b: Ursaluna|50\/100 brn|[from] brn
|upkeep
|turn|8
|inactive|Time left: 55 sec this turn | 320 sec total
|inactive|Nivles has 30 seconds left.
|inactive|salamionset has 30 seconds left.
|
|t:|1770788367
|switch|p2a: Gastrodon|Gastrodon, L50, M, tera:Fairy|80\/218
|move|p2b: Orthworm|Protect|p2b: Orthworm
|-singleturn|p2b: Orthworm|Protect
|move|p1b: Ursaluna|Facade|p2a: Gastrodon
|-crit|p2a: Gastrodon
|-damage|p2a: Gastrodon|0 fnt
|faint|p2a: Gastrodon
|cant|p1a: Urshifu|par
|
|-weather|RainDance|[upkeep]
|-heal|p2b: Orthworm|177\/177|[from] item: Leftovers
|-damage|p1b: Ursaluna|44\/100 brn|[from] brn
|-sideend|p1: Nivles|move: Tailwind
|upkeep
|inactive|Time left: 55 sec this turn | 295 sec total
|
|t:|1770788378
|switch|p2a: Glimmora|Glimmora, L50, M|1\/159
|turn|9
|inactive|Time left: 55 sec this turn | 285 sec total
|
|t:|1770788390
|move|p1a: Urshifu|Aqua Jet|p2a: Glimmora
|-supereffective|p2a: Glimmora
|-damage|p2a: Glimmora|0 fnt
|-activate|p2a: Glimmora|ability: Toxic Debris
|-sidestart|p1: Nivles|move: Toxic Spikes
|faint|p2a: Glimmora
|move|p2b: Orthworm|Body Press|p1b: Ursaluna
|-supereffective|p1b: Ursaluna
|-damage|p1b: Ursaluna|0 fnt
|faint|p1b: Ursaluna
|
|-weather|RainDance|[upkeep]
|upkeep
|turn|10
|inactive|Time left: 55 sec this turn | 280 sec total
|
|t:|1770788405
|move|p2b: Orthworm|Body Press|p1a: Urshifu
|-damage|p1a: Urshifu|0 fnt
|faint|p1a: Urshifu
|
|win|salamionset
|raw|Nivles's rating: 1584 &rarr; <strong>1566<\/strong><br \/>(-18 for losing)
|raw|salamionset's rating: 1626 &rarr; <strong>1644<\/strong><br \/>(+18 for winning)</script>
</div>
<div class="battle-log battle-log-inline"><div class="inner"><div class="battle-options"><div style="padding-top: 3px; padding-right: 3px; text-align: right"><button class="icon button" name="openBattleOptions" title="Options">Battle Options</button></div></div><div class="inner message-log"><div class="chat"><small>☆Nivles and ☆salamionset joined</small></div><div class=""><small>Format:</small> <br><strong>[Gen 9] VGC 2026 Reg F</strong></div><div class="rated"><strong>Rated battle</strong></div><div class=""><small><em>Species Clause:</em> Limit one of each Pokémon</small></div><div class=""><small><em>Item Clause:</em> Limit 1 of each item</small></div><div class="chat battle-history"><strong>Nivles's team:</strong> <em style="color:#445566;display:block;">Tornadus / Ursaluna / Incineroar / Urshifu-* / Amoonguss / Porygon2</em></div><div class="chat battle-history"><strong>salamionset's team:</strong> <em style="color:#445566;display:block;">Sandaconda / Gastrodon / Orthworm / Tyranitar / Glimmora / Landorus-Therian</em></div><div class="chat message-error">Battle timer is ON: inactive players will automatically lose when time's up. (requested by salamionset)</div><div class="chat">salamionset rejected open team sheets.</div><div class="chat message-error">salamionset has 60 seconds left.</div><div class="spacer battle-history"><br></div><div class="battle-history">Battle started between Nivles and salamionset!<br></div><div class="spacer battle-history"><br></div><div class="battle-history">Nivles sent out <strong>Tornadus</strong>!<br></div><div class="spacer battle-history"><br></div><div class="battle-history">Nivles sent out Urshifu (<strong>Urshifu-Rapid-Strike</strong>)!<br></div><div class="spacer battle-history"><br></div><div class="battle-history">Go! <strong>Sandaconda</strong>!<br></div><div class="spacer battle-history"><br></div><div class="battle-history">Go! <strong>Glimmora</strong>!<br></div><div class="spacer battle-history"><br></div><h2 class="battle-history">Turn 1</h2><div class="spacer battle-history"><br></div><div class="battle-history">Glimmora, come back!<br></div><div class="battle-history">Go! <strong>Gastrodon</strong>!<br></div><div class="spacer battle-history"><br></div><div class="battle-history">The opposing Tornadus used <strong>Tailwind</strong>!<br></div><div class="battle-history"><small>The Tailwind blew from behind the opposing team!</small><br></div><div class="spacer battle-history"><br></div><div class="battle-history">The opposing Urshifu used <strong>Surging Strikes</strong>!<br></div><div class="battle-history">[Gastrodon's Storm Drain]<br></div><div class="battle-history"><small>Gastrodon's Sp. Atk rose!</small><br></div><div class="spacer battle-history"><br></div><div class="battle-history">Sandaconda used <strong>Glare</strong>!<br></div><div class="battle-history"><small>The opposing Urshifu is paralyzed! It may be unable to move!</small><br></div><div class="spacer battle-history"><br></div><h2 class="battle-history">Turn 2</h2><div class="chat message-error">salamionset has 30 seconds left.</div><div class="spacer battle-history"><br></div><div class="battle-history">Nivles withdrew Urshifu!<br></div><div class="battle-history">Nivles sent out <strong>Amoonguss</strong>!<br></div><div class="spacer battle-history"><br></div><div class="battle-history"><small>Gastrodon has Terastallized into the Fairy-type!</small><br></div><div class="spacer battle-history"><br></div><div class="battle-history">The opposing Tornadus used <strong>Bleakwind Storm</strong>!<br></div><div class="battle-history"><small>Gastrodon avoided the attack!</small><br></div><div class="battle-history"><small>(Sandaconda lost <abbr title="−61/179">34.1%</abbr> of its health!)</small><br></div><div class="battle-history">[Sandaconda's Sand Spit]<br><small>A sandstorm kicked up!</small><br></div><div class="spacer battle-history"><br></div><div class="battle-history">Sandaconda used <strong>Glare</strong>!<br></div><div class="battle-history"><small>The opposing Tornadus is paralyzed! It may be unable to move!</small><br></div><div class="spacer battle-history"><br></div><div class="battle-history">Gastrodon used <strong>Earth Power</strong>!<br></div><div class="battle-history"><small>(The opposing Amoonguss lost 35% of its health!)</small><br></div><div class="spacer battle-history"><br></div><div class="battle-history"><small>(The sandstorm is raging.)</small><br></div><div class="battle-history"><small>The opposing Tornadus is buffeted by the sandstorm!</small><br></div><div class="battle-history"><small>The opposing Amoonguss is buffeted by the sandstorm!</small><br></div><div class="battle-history"><small>Gastrodon is buffeted by the sandstorm!</small><br></div><div class="spacer battle-history"><br></div><h2 class="battle-history">Turn 3</h2><div class="chat message-error">Nivles has 30 seconds left.</div><div class="spacer battle-history"><br></div><div class="battle-history">Gastrodon used <strong>Protect</strong>!<br></div><div class="battle-history"><small>Gastrodon protected itself!</small><br></div><div class="spacer battle-history"><br></div><div class="battle-history">The opposing Tornadus used <strong>Bleakwind Storm</strong>!<br></div><div class="battle-history"><small>Gastrodon protected itself!</small><br></div><div class="battle-history"><small>(Sandaconda lost <abbr title="−60/179">33.5%</abbr> of its health!)</small><br></div><div class="spacer battle-history"><br></div><div class="battle-history">The opposing Amoonguss used <strong>Sludge Bomb</strong>!<br></div><div class="battle-history"><small>Gastrodon protected itself!</small><br></div><div class="spacer battle-history"><br></div><div class="battle-history">Sandaconda used <strong>Glare</strong>!<br></div><div class="battle-history"><small>The opposing Amoonguss is paralyzed! It may be unable to move!</small><br></div><div class="spacer battle-history"><br></div><div class="battle-history"><small>(The sandstorm is raging.)</small><br></div><div class="battle-history"><small>The opposing Tornadus is buffeted by the sandstorm!</small><br></div><div class="battle-history"><small>Gastrodon is buffeted by the sandstorm!</small><br></div><div class="battle-history"><small>The opposing Amoonguss is buffeted by the sandstorm!</small><br></div><div class="spacer battle-history"><br></div><h2 class="battle-history">Turn 4</h2><div class="spacer battle-history"><br></div><div class="battle-history">The opposing Tornadus used <strong>Bleakwind Storm</strong>!<br></div><div class="battle-history"><small>(Sandaconda lost <abbr title="−58/179">32.4%</abbr> of its health!)</small><br></div><div class="battle-history"><small>(Gastrodon lost <abbr title="−60/218">27.5%</abbr> of its health!)</small><br></div><div class="battle-history"><small>Gastrodon's Speed fell!</small><br></div><div class="spacer battle-history"><br></div><div class="battle-history">Sandaconda fainted!<br></div><div class="battle-history">The opposing Amoonguss used <strong>Sludge Bomb</strong>!<br></div><div class="battle-history"><small>It's super effective!</small><br></div><div class="battle-history"><small>(Gastrodon lost <abbr title="−80/218">36.7%</abbr> of its health!)</small><br></div><div class="battle-history"><small>(Gastrodon ate its Sitrus Berry!)</small><br></div><div class="battle-history"><small>Gastrodon restored HP using its Sitrus Berry!</small><br></div><div class="spacer battle-history"><br></div><div class="battle-history">Gastrodon used <strong>Earth Power</strong>!<br></div><div class="battle-history"><small>(The opposing Amoonguss lost 36% of its health!)</small><br></div><div class="battle-history"><small>(The opposing Amoonguss ate its Sitrus Berry!)</small><br></div><div class="battle-history"><small>The opposing Amoonguss restored HP using its Sitrus Berry!</small><br></div><div class="spacer battle-history"><br></div><div class="battle-history"><small>(The sandstorm is raging.)</small><br></div><div class="battle-history"><small>The opposing Tornadus is buffeted by the sandstorm!</small><br></div><div class="battle-history"><small>The opposing Amoonguss is buffeted by the sandstorm!</small><br></div><div class="battle-history"><small>Gastrodon is buffeted by the sandstorm!</small><br></div><div class="battle-history"><small>The opposing team's Tailwind petered out!</small><br></div><div class="spacer battle-history"><br></div><div class="battle-history">Go! <strong>Glimmora</strong>!<br></div><div class="spacer battle-history"><br></div><h2 class="battle-history">Turn 5</h2><div class="spacer battle-history"><br></div><div class="battle-history">Gastrodon used <strong>Protect</strong>!<br></div><div class="battle-history"><small>Gastrodon protected itself!</small><br></div><div class="spacer battle-history"><br></div><div class="battle-history">The opposing Tornadus used <strong>Tailwind</strong>!<br></div><div class="battle-history"><small>The Tailwind blew from behind the opposing team!</small><br></div><div class="spacer battle-history"><br></div><div class="battle-history">Glimmora used <strong>Sludge Wave</strong>!<br></div><div class="battle-history"><small>Gastrodon protected itself!</small><br></div><div class="battle-history"><small>(The opposing Tornadus lost 49% of its health!)</small><br></div><div class="battle-history"><small>(The opposing Amoonguss lost 32% of its health!)</small><br></div><div class="spacer battle-history"><br></div><div class="battle-history">The opposing Amoonguss used <strong>Sludge Bomb</strong>!<br></div><div class="battle-history"><small>Gastrodon protected itself!</small><br></div><div class="spacer battle-history"><br></div><div class="battle-history"><small>(The sandstorm is raging.)</small><br></div><div class="battle-history"><small>The opposing Tornadus is buffeted by the sandstorm!</small><br></div><div class="battle-history"><small>The opposing Amoonguss is buffeted by the sandstorm!</small><br></div><div class="battle-history"><small>Gastrodon is buffeted by the sandstorm!</small><br></div><div class="spacer battle-history"><br></div><div class="battle-history">The opposing Amoonguss fainted!<br></div><div class="spacer battle-history"><br></div><div class="battle-history">Nivles sent out <strong>Ursaluna</strong>!<br></div><div class="spacer battle-history"><br></div><h2 class="battle-history">Turn 6</h2><div class="spacer battle-history"><br></div><div class="battle-history">Gastrodon, come back!<br></div><div class="battle-history">Go! <strong>Orthworm</strong>!<br></div><div class="spacer battle-history"><br></div><div class="battle-history">The opposing Tornadus used <strong>Rain Dance</strong>!<br></div><div class="battle-history"><small>It started to rain!</small><br></div><div class="spacer battle-history"><br></div><div class="battle-history">The opposing Ursaluna used <strong>Facade</strong>!<br></div><div class="battle-history"><small>It's not very effective...</small><br></div><div class="battle-history"><small>(Orthworm lost <abbr title="−23/177">13.0%</abbr> of its health!)</small><br></div><div class="spacer battle-history"><br></div><div class="battle-history">Glimmora used <strong>Sludge Wave</strong>!<br></div><div class="battle-history"><small>It doesn't affect Orthworm...</small><br></div><div class="battle-history"><small>It's not very effective on the opposing Ursaluna.</small><br></div><div class="battle-history"><small>(The opposing Tornadus lost 28% of its health!)</small><br></div><div class="battle-history"><small>(The opposing Ursaluna lost 17% of its health!)</small><br></div><div class="spacer battle-history"><br></div><div class="battle-history">The opposing Tornadus fainted!<br></div><div class="spacer battle-history"><br></div><div class="battle-history"><small>(Rain continues to fall.)</small><br></div><div class="battle-history"><small>Orthworm restored a little HP using its Leftovers!</small><br></div><div class="battle-history"><small>The opposing Ursaluna was burned by the Flame Orb!</small><br></div><div class="spacer battle-history"><br></div><div class="battle-history">Nivles sent out Urshifu (<strong>Urshifu-Rapid-Strike</strong>)!<br></div><div class="spacer battle-history"><br></div><h2 class="battle-history">Turn 7</h2><div class="spacer battle-history"><br></div><div class="battle-history">The opposing Ursaluna used <strong>Headlong Rush</strong>!<br></div><div class="battle-history"><small>It's super effective!</small><br></div><div class="battle-history"><small>Glimmora hung on using its Focus Sash!</small><br></div><div class="battle-history"><small>(Glimmora lost <abbr title="−158/159">99.4%</abbr> of its health!)</small><br></div><div class="battle-history"><small>The opposing Ursaluna's Defense fell!</small><br></div><div class="battle-history"><small>The opposing Ursaluna's Sp. Def fell!</small><br></div><div class="battle-history">[Glimmora's Toxic Debris]<br></div><div class="battle-history"><small>Poison spikes were scattered on the ground all around the opposing team!</small><br></div><div class="spacer battle-history"><br></div><div class="battle-history">Glimmora used <strong>Sludge Wave</strong>!<br></div><div class="battle-history"><small>It doesn't affect Orthworm...</small><br></div><div class="battle-history"><small>It's not very effective on the opposing Ursaluna.</small><br></div><div class="battle-history"><small>(The opposing Urshifu lost 52% of its health!)</small><br></div><div class="battle-history"><small>(The opposing Ursaluna lost 27% of its health!)</small><br></div><div class="spacer battle-history"><br></div><div class="battle-history">The opposing Urshifu is paralyzed! It can't move!<br></div><div class="spacer battle-history"><br></div><div class="battle-history">Orthworm used <strong>Iron Defense</strong>!<br></div><div class="battle-history"><small>Orthworm's Defense rose sharply!</small><br></div><div class="spacer battle-history"><br></div><div class="battle-history"><small>(Rain continues to fall.)</small><br></div><div class="battle-history"><small>Orthworm restored a little HP using its Leftovers!</small><br></div><div class="battle-history"><small>The opposing Ursaluna was hurt by its burn!</small><br></div><div class="spacer battle-history"><br></div><h2 class="battle-history">Turn 8</h2><div class="chat message-error">Nivles has 30 seconds left.</div><div class="chat message-error">salamionset has 30 seconds left.</div><div class="spacer battle-history"><br></div><div class="battle-history">Glimmora, come back!<br></div><div class="battle-history">Go! <strong>Gastrodon</strong>!<br></div><div class="spacer battle-history"><br></div><div class="battle-history">Orthworm used <strong>Protect</strong>!<br></div><div class="battle-history"><small>Orthworm protected itself!</small><br></div><div class="spacer battle-history"><br></div><div class="battle-history">The opposing Ursaluna used <strong>Facade</strong>!<br></div><div class="battle-history"><small>A critical hit!</small><br></div><div class="battle-history"><small>(Gastrodon lost <abbr title="−80/218">36.7%</abbr> of its health!)</small><br></div><div class="spacer battle-history"><br></div><div class="battle-history">Gastrodon fainted!<br></div><div class="battle-history">The opposing Urshifu is paralyzed! It can't move!<br></div><div class="spacer battle-history"><br></div><div class="battle-history"><small>(Rain continues to fall.)</small><br></div><div class="battle-history"><small>Orthworm restored a little HP using its Leftovers!</small><br></div><div class="battle-history"><small>The opposing Ursaluna was hurt by its burn!</small><br></div><div class="battle-history"><small>The opposing team's Tailwind petered out!</small><br></div><div class="spacer battle-history"><br></div><div class="battle-history">Go! <strong>Glimmora</strong>!<br></div><div class="spacer battle-history"><br></div><h2 class="battle-history">Turn 9</h2><div class="spacer battle-history"><br></div><div class="battle-history">The opposing Urshifu used <strong>Aqua Jet</strong>!<br></div><div class="battle-history"><small>It's super effective!</small><br></div><div class="battle-history"><small>(Glimmora lost <abbr title="−1/159">0.6%</abbr> of its health!)</small><br></div><div class="battle-history">[Glimmora's Toxic Debris]<br></div><div class="battle-history"><small>Poison spikes were scattered on the ground all around the opposing team!</small><br></div><div class="spacer battle-history"><br></div><div class="battle-history">Glimmora fainted!<br></div><div class="battle-history">Orthworm used <strong>Body Press</strong>!<br></div><div class="battle-history"><small>It's super effective!</small><br></div><div class="battle-history"><small>(The opposing Ursaluna lost 44% of its health!)</small><br></div><div class="spacer battle-history"><br></div><div class="battle-history">The opposing Ursaluna fainted!<br></div><div class="spacer battle-history"><br></div><div class="battle-history"><small>(Rain continues to fall.)</small><br></div><div class="spacer battle-history"><br></div><h2 class="battle-history">Turn 10</h2><div class="spacer battle-history"><br></div><div class="battle-history">Orthworm used <strong>Body Press</strong>!<br></div><div class="battle-history"><small>(The opposing Urshifu lost 48% of its health!)</small><br></div><div class="spacer battle-history"><br></div><div class="battle-history">The opposing Urshifu fainted!<br></div><div class="spacer battle-history"><br></div><div class="battle-history"><strong>salamionset</strong> won the battle!<br></div><div class="chat">Nivles's rating: 1584 → <strong>1566</strong><br>(-18 for losing)</div><div class="chat">salamionset's rating: 1626 → <strong>1644</strong><br>(+18 for winning)</div></div><div class="inner-preempt message-log"></div></div></div>
</div>
<script>
let daily = Math.floor(Date.now()/1000/60/60/24);document.write('<script src="https://play.pokemonshowdown.com/js/replay-embed.js?version'+daily+'"></'+'script>');
</script>
