<!DOCTYPE html>
<meta charset="utf-8" />
<!-- version 1 -->
<title>[Gen 9] VGC 2026 Reg F replay: salamionset vs. Hikawari</title>
<style>
html,body {font-family:Verdana, sans-serif;font-size:10pt;margin:0;padding:0;}body{padding:12px 0;} .battle-log {font-family:Verdana, sans-serif;font-size:10pt;} .battle-log-inline {border:1px solid #AAAAAA;background:#EEF2F5;color:black;max-width:640px;margin:0 auto 80px;padding-bottom:5px;} .battle-log .inner {padding:4px 8px 0px 8px;} .battle-log .inner-preempt {padding:0 8px 4px 8px;} .battle-log .inner-after {margin-top:0.5em;} .battle-log h2 {margin:0.5em -8px;padding:4px 8px;border:1px solid #AAAAAA;background:#E0E7EA;border-left:0;border-right:0;font-family:Verdana, sans-serif;font-size:13pt;} .battle-log .chat {vertical-align:middle;padding:3px 0 3px 0;font-size:8pt;} .battle-log .chat strong {color:#40576A;} .battle-log .chat em {padding:1px 4px 1px 3px;color:#000000;font-style:normal;} .chat.mine {background:rgba(0,0,0,0.05);margin-left:-8px;margin-right:-8px;padding-left:8px;padding-right:8px;} .spoiler {color:#BBBBBB;background:#BBBBBB;padding:0px 3px;} .spoiler:hover, .spoiler:active, .spoiler-shown {color:#000000;background:#E2E2E2;padding:0px 3px;} .spoiler a {color:#BBBBBB;} .spoiler:hover a, .spoiler:active a, .spoiler-shown a {color:#2288CC;} .chat code, .chat .spoiler:hover code, .chat .spoiler:active code, .chat .spoiler-shown code {border:1px solid #C0C0C0;background:#EEEEEE;color:black;padding:0 2px;} .chat .spoiler code {border:1px solid #CCCCCC;background:#CCCCCC;color:#CCCCCC;} .battle-log .rated {padding:3px 4px;} .battle-log .rated strong {color:white;background:#89A;padding:1px 4px;border-radius:4px;} .spacer {margin-top:0.5em;} .message-announce {background:#6688AA;color:white;padding:1px 4px 2px;} .message-announce a, .broadcast-green a, .broadcast-blue a, .broadcast-red a {color:#DDEEFF;} .broadcast-green {background-color:#559955;color:white;padding:2px 4px;} .broadcast-blue {background-color:#6688AA;color:white;padding:2px 4px;} .infobox {border:1px solid #6688AA;padding:2px 4px;} .infobox-limited {max-height:200px;overflow:auto;overflow-x:hidden;} .broadcast-red {background-color:#AA5544;color:white;padding:2px 4px;} .message-learn-canlearn {font-weight:bold;color:#228822;text-decoration:underline;} .message-learn-cannotlearn {font-weight:bold;color:#CC2222;text-decoration:underline;} .message-effect-weak {font-weight:bold;color:#CC2222;} .message-effect-resist {font-weight:bold;color:#6688AA;} .message-effect-immune {font-weight:bold;color:#666666;} .message-learn-list {margin-top:0;margin-bottom:0;} .message-throttle-notice, .message-error {color:#992222;} .message-overflow, .chat small.message-overflow {font-size:0pt;} .message-overflow::before {font-size:9pt;content:'...';} .subtle {color:#3A4A66;}
</style>
<div class="wrapper replay-wrapper" style="max-width:1180px;margin:0 auto">
<input type="hidden" name="replayid" value="gen9vgc2026regf-2543191118" />
<div class="battle"></div><div class="battle-log"></div><div class="replay-controls"></div><div class="replay-controls-2"></div>
<h1 style="font-weight:normal;text-align:center"><strong>[Gen 9] VGC 2026 Reg F</strong><br /><a href="http://pokemonshowdown.com/users/salamionset" class="subtle" target="_blank">salamionset</a> vs. <a href="http://pokemonshowdown.com/users/hikawari" class="subtle" target="_blank">Hikawari</a></h1>
<script type="text/plain" class="battle-log-data">|j|☆salamionset

|j|☆Hikawari
|t:|1771539359
|gametype|doubles
|player|p1|salamionset|102|1647
|player|p2|Hikawari|n|1733
|gen|9
|tier|[Gen 9] VGC 2026 Reg F
|rated|
|rule|Species Clause: Limit one of each Pokémon
|rule|Item Clause: Limit 1 of each item
|clearpoke
|poke|p1|Sandaconda, L50, M|
|poke|p1|Gastrodon, L50, F|
|poke|p1|Orthworm, L50, F|
|poke|p1|Tyranitar, L50, M|
|poke|p1|Glimmora, L50, F|
|poke|p1|Landorus-Therian, L50, M|
|poke|p2|Urshifu-*, L50, M|
|poke|p2|Landorus, L50, M|
|poke|p2|Tornadus, L50, M|
|poke|p2|Indeedee-F, L50, F|
|poke|p2|Iron Crown, L50|
|poke|p2|Ogerpon-Cornerstone, L50, F|
|teampreview|4
|uhtml|otsrequest|<button name="send" value="\/acceptopenteamsheets" class="button" style="margin-right: 10px;"><strong>Accept Open Team Sheets<\/strong><\/button><button name="send" value="\/rejectopenteamsheets" class="button" style="margin-top: 10px"><strong>Deny Open Team Sheets<\/strong><\/button>
|uhtmlchange|otsrequest|
salamionset rejected open team sheets.
|inactive|Battle timer is ON: inactive players will automatically lose when time's up. (requested by Hikawari)
|inactive|Time left: 90 sec this turn | 420 sec total | 90 sec grace
|
|t:|1771539382
|teamsize|p1|4
|teamsize|p2|4
|start
|uhtmlchange|otsrequest|
|switch|p1a: Landorus|Landorus-Therian, L50, M|165\/165
|switch|p1b: Tyranitar|Tyranitar, L50, M|207\/207
|switch|p2a: Tornadus|Tornadus, L50, M|100\/100
|switch|p2b: Urshifu|Urshifu-Rapid-Strike, L50, M|100\/100
|-ability|p1a: Landorus|Intimidate|boost
|-unboost|p2a: Tornadus|atk|1
|-unboost|p2b: Urshifu|atk|1
|-weather|Sandstorm|[from] ability: Sand Stream|[of] p1b: Tyranitar
|turn|1
|inactive|Time left: 55 sec this turn | 420 sec total
|inactive|Hikawari has 30 seconds left.
|
|t:|1771539411
|switch|p1b: Gastrodon|Gastrodon, L50, F|218\/218
|move|p2a: Tornadus|Tailwind|p2a: Tornadus
|-sidestart|p2: Hikawari|move: Tailwind
|move|p2b: Urshifu|Close Combat|p1a: Landorus
|-resisted|p1a: Landorus
|-damage|p1a: Landorus|123\/165
|-unboost|p2b: Urshifu|def|1
|-unboost|p2b: Urshifu|spd|1
|move|p1a: Landorus|Stomping Tantrum|p2b: Urshifu
|-damage|p2b: Urshifu|40\/100
|
|-weather|Sandstorm|[upkeep]
|-damage|p2b: Urshifu|34\/100|[from] Sandstorm
|-damage|p2a: Tornadus|95\/100|[from] Sandstorm
|upkeep
|turn|2
|inactive|Time left: 55 sec this turn | 400 sec total
|
|t:|1771539436
|-terastallize|p1b: Gastrodon|Fairy
|move|p2b: Urshifu|Protect|p2b: Urshifu
|-singleturn|p2b: Urshifu|Protect
|move|p2a: Tornadus|Bleakwind Storm|p1a: Landorus|[spread] p1a
|-miss|p2a: Tornadus|p1b: Gastrodon
|-damage|p1a: Landorus|51\/165
|move|p1a: Landorus|Stomping Tantrum|p2b: Urshifu
|-activate|p2b: Urshifu|move: Protect
|move|p1b: Gastrodon|Muddy Water|p2b: Urshifu|[spread] p2a
|-activate|p2b: Urshifu|move: Protect
|-damage|p2a: Tornadus|71\/100
|-unboost|p2a: Tornadus|accuracy|1
|
|-weather|Sandstorm|[upkeep]
|-damage|p2b: Urshifu|28\/100|[from] Sandstorm
|-damage|p2a: Tornadus|66\/100|[from] Sandstorm
|-damage|p1b: Gastrodon|205\/218|[from] Sandstorm
|upkeep
|turn|3
|inactive|Time left: 55 sec this turn | 380 sec total
|
|t:|1771539460
|switch|p2b: Indeedee|Indeedee-F, L50, F|100\/100
|-fieldstart|move: Psychic Terrain|[from] ability: Psychic Surge|[of] p2b: Indeedee
|switch|p1a: Orthworm|Orthworm, L50, F|177\/177
|move|p2a: Tornadus|Bleakwind Storm|p1b: Gastrodon|[spread] p1a,p1b
|-resisted|p1a: Orthworm
|-damage|p1a: Orthworm|134\/177
|-damage|p1b: Gastrodon|157\/218
|move|p1b: Gastrodon|Muddy Water|p2b: Indeedee|[spread] p2a,p2b
|-damage|p2a: Tornadus|41\/100
|-damage|p2b: Indeedee|78\/100
|-unboost|p2a: Tornadus|accuracy|1
|
|-weather|Sandstorm|[upkeep]
|-damage|p2a: Tornadus|35\/100|[from] Sandstorm
|-damage|p2b: Indeedee|72\/100|[from] Sandstorm
|-damage|p1b: Gastrodon|144\/218|[from] Sandstorm
|-heal|p1a: Orthworm|145\/177|[from] item: Leftovers
|upkeep
|turn|4
|inactive|Time left: 55 sec this turn | 365 sec total
|
|t:|1771539480
|switch|p2a: Iron Crown|Iron Crown, L50|100\/100
|-enditem|p2a: Iron Crown|Booster Energy
|-activate|p2a: Iron Crown|ability: Quark Drive|[fromitem]
|-start|p2a: Iron Crown|quarkdrivespa
|switch|p1a: Tyranitar|Tyranitar, L50, M|207\/207
|move|p2b: Indeedee|Protect|p2b: Indeedee
|-singleturn|p2b: Indeedee|Protect
|move|p1b: Gastrodon|Recover|p1b: Gastrodon
|-heal|p1b: Gastrodon|218\/218
|
|-weather|Sandstorm|[upkeep]
|-damage|p2b: Indeedee|65\/100|[from] Sandstorm
|-damage|p1b: Gastrodon|205\/218|[from] Sandstorm
|-sideend|p2: Hikawari|move: Tailwind
|upkeep
|turn|5
|inactive|Time left: 55 sec this turn | 345 sec total
|inactive|salamionset has 30 seconds left.
|inactive|salamionset has 20 seconds left.
|
|t:|1771539516
|move|p2b: Indeedee|Helping Hand|p2a: Iron Crown
|-singleturn|p2a: Iron Crown|Helping Hand|[of] p2b: Indeedee
|move|p1b: Gastrodon|Protect|p1b: Gastrodon
|-singleturn|p1b: Gastrodon|Protect
|move|p2a: Iron Crown|Tachyon Cutter|p1a: Tyranitar
|-supereffective|p1a: Tyranitar
|-damage|p1a: Tyranitar|115\/207
|-supereffective|p1a: Tyranitar
|-damage|p1a: Tyranitar|23\/207
|-hitcount|p1a: Tyranitar|2
|move|p1a: Tyranitar|Earthquake|p2b: Indeedee|[spread] p2a,p2b
|-activate|p1b: Gastrodon|move: Protect
|-supereffective|p2a: Iron Crown
|-damage|p2a: Iron Crown|45\/100
|-damage|p2b: Indeedee|40\/100
|
|-weather|none
|upkeep
|turn|6
|inactive|Time left: 55 sec this turn | 310 sec total
|
|t:|1771539536
|move|p2a: Iron Crown|Tachyon Cutter|p1b: Gastrodon
|-supereffective|p1b: Gastrodon
|-damage|p1b: Gastrodon|103\/218
|-enditem|p1b: Gastrodon|Sitrus Berry|[eat]
|-heal|p1b: Gastrodon|157\/218|[from] item: Sitrus Berry
|-supereffective|p1b: Gastrodon
|-damage|p1b: Gastrodon|43\/218
|-hitcount|p1b: Gastrodon|2
|move|p2b: Indeedee|Dazzling Gleam|p1b: Gastrodon|[spread] p1a,p1b
|-supereffective|p1a: Tyranitar
|-damage|p1a: Tyranitar|0 fnt
|-damage|p1b: Gastrodon|23\/218
|faint|p1a: Tyranitar
|move|p1b: Gastrodon|Earth Power|p2a: Iron Crown
|-supereffective|p2a: Iron Crown
|-damage|p2a: Iron Crown|0 fnt
|faint|p2a: Iron Crown
|-end|p2a: Iron Crown|Quark Drive|[silent]
|
|upkeep
|inactive|Time left: 55 sec this turn | 290 sec total
|
|t:|1771539549
|switch|p2a: Tornadus|Tornadus, L50, M|35\/100
|switch|p1a: Landorus|Landorus-Therian, L50, M|51\/165
|-ability|p1a: Landorus|Intimidate|boost
|-unboost|p2a: Tornadus|atk|1
|-unboost|p2b: Indeedee|atk|1
|turn|7
|inactive|Time left: 55 sec this turn | 280 sec total
|
|t:|1771539562
|switch|p1b: Orthworm|Orthworm, L50, F|145\/177
|move|p2a: Tornadus|Protect|p2a: Tornadus
|-singleturn|p2a: Tornadus|Protect
|move|p2b: Indeedee|Protect|p2b: Indeedee
|-singleturn|p2b: Indeedee|Protect
|move|p1a: Landorus|Rock Slide|p2a: Tornadus|[spread] 
|-activate|p2a: Tornadus|move: Protect
|-activate|p2b: Indeedee|move: Protect
|
|-heal|p1b: Orthworm|156\/177|[from] item: Leftovers
|-fieldend|move: Psychic Terrain
|upkeep
|turn|8
|inactive|Time left: 55 sec this turn | 275 sec total
|
|t:|1771539576
|-terastallize|p2a: Tornadus|Steel
|move|p2b: Indeedee|Helping Hand|p2a: Tornadus
|-singleturn|p2a: Tornadus|Helping Hand|[of] p2b: Indeedee
|move|p1a: Landorus|Rock Slide|p2b: Indeedee|[spread] p2a,p2b
|-resisted|p2a: Tornadus
|-damage|p2a: Tornadus|25\/100
|-damage|p2b: Indeedee|20\/100
|cant|p2a: Tornadus|flinch
|move|p1b: Orthworm|Iron Defense|p1b: Orthworm
|-boost|p1b: Orthworm|def|2
|
|-heal|p1b: Orthworm|167\/177|[from] item: Leftovers
|upkeep
|turn|9
|inactive|Time left: 55 sec this turn | 270 sec total
|
|t:|1771539591
|move|p2b: Indeedee|Follow Me|p2b: Indeedee
|-singleturn|p2b: Indeedee|move: Follow Me
|move|p1a: Landorus|Earthquake|p2b: Indeedee|[spread] p2a,p2b
|-heal|p1b: Orthworm|177\/177|[from] ability: Earth Eater|[of] p1a: Landorus
|-supereffective|p2a: Tornadus
|-damage|p2a: Tornadus|0 fnt
|-damage|p2b: Indeedee|0 fnt
|faint|p2a: Tornadus
|faint|p2b: Indeedee
|move|p1b: Orthworm|Iron Defense|p1b: Orthworm
|-boost|p1b: Orthworm|def|2
|
|upkeep
|
|t:|1771539595
|switch|p2b: Urshifu|Urshifu-Rapid-Strike, L50, M|28\/100
|turn|10
|inactive|Time left: 55 sec this turn | 260 sec total
|
|t:|1771539602
|move|p1a: Landorus|Stomping Tantrum|p2b: Urshifu
|-damage|p2b: Urshifu|0 fnt
|faint|p2b: Urshifu
|
|win|salamionset
|raw|salamionset's rating: 1647 &rarr; <strong>1672<\/strong><br \/>(+25 for winning)
|raw|Hikawari's rating: 1733 &rarr; <strong>1708<\/strong><br \/>(-25 for losing)
|l|☆Hikawari</script>
</div>
<div class="battle-log battle-log-inline"><div class="inner"><div class="battle-options"><div style="padding-top: 3px; padding-right: 3px; text-align: right"><button class="icon button" name="openBattleOptions" title="Options">Battle Options</button></div></div><div class="inner message-log"><div class="chat"><small>☆salamionset and ☆Hikawari joined</small></div><div class=""><small>Format:</small> <br><strong>[Gen 9] VGC 2026 Reg F</strong></div><div class="rated"><strong>Rated battle</strong></div><div class=""><small><em>Species Clause:</em> Limit one of each Pokémon</small></div><div class=""><small><em>Item Clause:</em> Limit 1 of each item</small></div><div class="chat battle-history"><strong>salamionset's team:</strong> <em style="color:#445566;display:block;">Sandaconda / Gastrodon / Orthworm / Tyranitar / Glimmora / Landorus-Therian</em></div><div class="chat battle-history"><strong>Hikawari's team:</strong> <em style="color:#445566;display:block;">Urshifu-* / Landorus / Tornadus / Indeedee-F / Iron Crown / Ogerpon-Cornerstone</em></div><div class="chat">salamionset rejected open team sheets.</div><div class="chat message-error">Battle timer is ON: inactive players will automatically lose when time's up. (requested by Hikawari)</div><div class="spacer battle-history"><br></div><div class="battle-history">Battle started between salamionset and Hikawari!<br></div><div class="spacer battle-history"><br></div><div class="battle-history">Go! <strong>Landorus-Therian</strong>!<br></div><div class="spacer battle-history"><br></div><div class="battle-history">Go! <strong>Tyranitar</strong>!<br></div><div class="spacer battle-history"><br></div><div class="battle-history">Hikawari sent out <strong>Tornadus</strong>!<br></div><div class="spacer battle-history"><br></div><div class="battle-history">Hikawari sent out <strong>Urshifu-Rapid-Strike</strong>!<br></div><div class="battle-history">[Landorus-Therian's Intimidate]<br></div><div class="battle-history"><small>The opposing Tornadus's Attack fell!</small><br></div><div class="battle-history"><small>The opposing Urshifu-Rapid-Strike's Attack fell!</small><br></div><div class="battle-history">[Tyranitar's Sand Stream]<br><small>A sandstorm kicked up!</small><br></div><div class="spacer battle-history"><br></div><h2 class="battle-history">Turn 1</h2><div class="chat message-error">Hikawari has 30 seconds left.</div><div class="spacer battle-history"><br></div><div class="battle-history">Tyranitar, come back!<br></div><div class="battle-history">Go! <strong>Gastrodon</strong>!<br></div><div class="spacer battle-history"><br></div><div class="battle-history">The opposing Tornadus used <strong>Tailwind</strong>!<br></div><div class="battle-history"><small>The Tailwind blew from behind the opposing team!</small><br></div><div class="spacer battle-history"><br></div><div class="battle-history">The opposing Urshifu-Rapid-Strike used <strong>Close Combat</strong>!<br></div><div class="battle-history"><small>It's not very effective...</small><br></div><div class="battle-history"><small>(Landorus-Therian lost <abbr title="−42/165">25.5%</abbr> of its health!)</small><br></div><div class="battle-history"><small>The opposing Urshifu-Rapid-Strike's Defense fell!</small><br></div><div class="battle-history"><small>The opposing Urshifu-Rapid-Strike's Sp. Def fell!</small><br></div><div class="spacer battle-history"><br></div><div class="battle-history">Landorus-Therian used <strong>Stomping Tantrum</strong>!<br></div><div class="battle-history"><small>(The opposing Urshifu-Rapid-Strike lost 60% of its health!)</small><br></div><div class="spacer battle-history"><br></div><div class="battle-history"><small>(The sandstorm is raging.)</small><br></div><div class="battle-history"><small>The opposing Urshifu-Rapid-Strike is buffeted by the sandstorm!</small><br></div><div class="battle-history"><small>The opposing Tornadus is buffeted by the sandstorm!</small><br></div><div class="spacer battle-history"><br></div><h2 class="battle-history">Turn 2</h2><div class="spacer battle-history"><br></div><div class="battle-history"><small>Gastrodon has Terastallized into the Fairy-type!</small><br></div><div class="spacer battle-history"><br></div><div class="battle-history">The opposing Urshifu-Rapid-Strike used <strong>Protect</strong>!<br></div><div class="battle-history"><small>The opposing Urshifu-Rapid-Strike protected itself!</small><br></div><div class="spacer battle-history"><br></div><div class="battle-history">The opposing Tornadus used <strong>Bleakwind Storm</strong>!<br></div><div class="battle-history"><small>Gastrodon avoided the attack!</small><br></div><div class="battle-history"><small>(Landorus-Therian lost <abbr title="−72/165">43.6%</abbr> of its health!)</small><br></div><div class="spacer battle-history"><br></div><div class="battle-history">Landorus-Therian used <strong>Stomping Tantrum</strong>!<br></div><div class="battle-history"><small>The opposing Urshifu-Rapid-Strike protected itself!</small><br></div><div class="spacer battle-history"><br></div><div class="battle-history">Gastrodon used <strong>Muddy Water</strong>!<br></div><div class="battle-history"><small>The opposing Urshifu-Rapid-Strike protected itself!</small><br></div><div class="battle-history"><small>(The opposing Tornadus lost 24% of its health!)</small><br></div><div class="battle-history"><small>The opposing Tornadus's accuracy fell!</small><br></div><div class="spacer battle-history"><br></div><div class="battle-history"><small>(The sandstorm is raging.)</small><br></div><div class="battle-history"><small>The opposing Urshifu-Rapid-Strike is buffeted by the sandstorm!</small><br></div><div class="battle-history"><small>The opposing Tornadus is buffeted by the sandstorm!</small><br></div><div class="battle-history"><small>Gastrodon is buffeted by the sandstorm!</small><br></div><div class="spacer battle-history"><br></div><h2 class="battle-history">Turn 3</h2><div class="spacer battle-history"><br></div><div class="battle-history">Hikawari withdrew Urshifu!<br></div><div class="battle-history">Hikawari sent out <strong>Indeedee-F</strong>!<br></div><div class="battle-history">[The opposing Indeedee-F's Psychic Surge]<br><small>The battlefield got weird!</small><br></div><div class="spacer battle-history"><br></div><div class="battle-history">Landorus, come back!<br></div><div class="battle-history">Go! <strong>Orthworm</strong>!<br></div><div class="spacer battle-history"><br></div><div class="battle-history">The opposing Tornadus used <strong>Bleakwind Storm</strong>!<br></div><div class="battle-history"><small>It's not very effective on Orthworm.</small><br></div><div class="battle-history"><small>(Orthworm lost <abbr title="−43/177">24.3%</abbr> of its health!)</small><br></div><div class="battle-history"><small>(Gastrodon lost <abbr title="−48/218">22.0%</abbr> of its health!)</small><br></div><div class="spacer battle-history"><br></div><div class="battle-history">Gastrodon used <strong>Muddy Water</strong>!<br></div><div class="battle-history"><small>(The opposing Tornadus lost 25% of its health!)</small><br></div><div class="battle-history"><small>(The opposing Indeedee-F lost 22% of its health!)</small><br></div><div class="battle-history"><small>The opposing Tornadus's accuracy fell!</small><br></div><div class="spacer battle-history"><br></div><div class="battle-history"><small>(The sandstorm is raging.)</small><br></div><div class="battle-history"><small>The opposing Tornadus is buffeted by the sandstorm!</small><br></div><div class="battle-history"><small>The opposing Indeedee-F is buffeted by the sandstorm!</small><br></div><div class="battle-history"><small>Gastrodon is buffeted by the sandstorm!</small><br></div><div class="battle-history"><small>Orthworm restored a little HP using its Leftovers!</small><br></div><div class="spacer battle-history"><br></div><h2 class="battle-history">Turn 4</h2><div class="spacer battle-history"><br></div><div class="battle-history">Hikawari withdrew Tornadus!<br></div><div class="battle-history">Hikawari sent out <strong>Iron Crown</strong>!<br></div><div class="battle-history"><small>(The opposing Iron Crown used its Booster Energy!)</small><br></div><div class="battle-history">[The opposing Iron Crown's Quark Drive]<br><small>The opposing Iron Crown used its Booster Energy to activate its Quark Drive!</small><br></div><div class="battle-history"><small>The opposing Iron Crown's Sp. Atk was heightened!</small><br></div><div class="spacer battle-history"><br></div><div class="battle-history">Orthworm, come back!<br></div><div class="battle-history">Go! <strong>Tyranitar</strong>!<br></div><div class="spacer battle-history"><br></div><div class="battle-history">The opposing Indeedee-F used <strong>Protect</strong>!<br></div><div class="battle-history"><small>The opposing Indeedee-F protected itself!</small><br></div><div class="spacer battle-history"><br></div><div class="battle-history">Gastrodon used <strong>Recover</strong>!<br></div><div class="battle-history"><small>Gastrodon had its HP restored.</small><br></div><div class="spacer battle-history"><br></div><div class="battle-history"><small>(The sandstorm is raging.)</small><br></div><div class="battle-history"><small>The opposing Indeedee-F is buffeted by the sandstorm!</small><br></div><div class="battle-history"><small>Gastrodon is buffeted by the sandstorm!</small><br></div><div class="battle-history"><small>The opposing team's Tailwind petered out!</small><br></div><div class="spacer battle-history"><br></div><h2 class="battle-history">Turn 5</h2><div class="chat message-error">salamionset has 30 seconds left.</div><div class="chat message-error">salamionset has 20 seconds left.</div><div class="spacer battle-history"><br></div><div class="battle-history">The opposing Indeedee-F used <strong>Helping Hand</strong>!<br></div><div class="battle-history"><small>The opposing Indeedee-F is ready to help the opposing Iron Crown!</small><br></div><div class="spacer battle-history"><br></div><div class="battle-history">Gastrodon used <strong>Protect</strong>!<br></div><div class="battle-history"><small>Gastrodon protected itself!</small><br></div><div class="spacer battle-history"><br></div><div class="battle-history">The opposing Iron Crown used <strong>Tachyon Cutter</strong>!<br></div><div class="battle-history"><small>It's super effective!</small><br></div><div class="battle-history"><small>(Tyranitar lost <abbr title="−92/207">44.4%</abbr> of its health!)</small><br></div><div class="battle-history"><small>It's super effective!</small><br></div><div class="battle-history"><small>(Tyranitar lost <abbr title="−92/207">44.4%</abbr> of its health!)</small><br></div><div class="battle-history"><small>The Pokémon was hit 2 times!</small><br></div><div class="spacer battle-history"><br></div><div class="battle-history">Tyranitar used <strong>Earthquake</strong>!<br></div><div class="battle-history"><small>Gastrodon protected itself!</small><br></div><div class="battle-history"><small>It's super effective on the opposing Iron Crown!</small><br></div><div class="battle-history"><small>(The opposing Iron Crown lost 55% of its health!)</small><br></div><div class="battle-history"><small>(The opposing Indeedee-F lost 25% of its health!)</small><br></div><div class="spacer battle-history"><br></div><div class="battle-history"><small>The sandstorm subsided.</small><br></div><div class="spacer battle-history"><br></div><h2 class="battle-history">Turn 6</h2><div class="spacer battle-history"><br></div><div class="battle-history">The opposing Iron Crown used <strong>Tachyon Cutter</strong>!<br></div><div class="battle-history"><small>It's super effective!</small><br></div><div class="battle-history"><small>(Gastrodon lost <abbr title="−102/218">46.8%</abbr> of its health!)</small><br></div><div class="battle-history"><small>(Gastrodon ate its Sitrus Berry!)</small><br></div><div class="battle-history"><small>Gastrodon restored HP using its Sitrus Berry!</small><br></div><div class="battle-history"><small>It's super effective!</small><br></div><div class="battle-history"><small>(Gastrodon lost <abbr title="−114/218">52.3%</abbr> of its health!)</small><br></div><div class="battle-history"><small>The Pokémon was hit 2 times!</small><br></div><div class="spacer battle-history"><br></div><div class="battle-history">The opposing Indeedee-F used <strong>Dazzling Gleam</strong>!<br></div><div class="battle-history"><small>It's super effective on Tyranitar!</small><br></div><div class="battle-history"><small>(Tyranitar lost <abbr title="−23/207">11.1%</abbr> of its health!)</small><br></div><div class="battle-history"><small>(Gastrodon lost <abbr title="−20/218">9.2%</abbr> of its health!)</small><br></div><div class="spacer battle-history"><br></div><div class="battle-history">Tyranitar fainted!<br></div><div class="battle-history">Gastrodon used <strong>Earth Power</strong>!<br></div><div class="battle-history"><small>It's super effective!</small><br></div><div class="battle-history"><small>(The opposing Iron Crown lost 45% of its health!)</small><br></div><div class="spacer battle-history"><br></div><div class="battle-history">The opposing Iron Crown fainted!<br></div><div class="spacer battle-history"><br></div><div class="battle-history">Hikawari sent out <strong>Tornadus</strong>!<br></div><div class="spacer battle-history"><br></div><div class="battle-history">Go! <strong>Landorus-Therian</strong>!<br></div><div class="battle-history">[Landorus-Therian's Intimidate]<br></div><div class="battle-history"><small>The opposing Tornadus's Attack fell!</small><br></div><div class="battle-history"><small>The opposing Indeedee-F's Attack fell!</small><br></div><div class="spacer battle-history"><br></div><h2 class="battle-history">Turn 7</h2><div class="spacer battle-history"><br></div><div class="battle-history">Gastrodon, come back!<br></div><div class="battle-history">Go! <strong>Orthworm</strong>!<br></div><div class="spacer battle-history"><br></div><div class="battle-history">The opposing Tornadus used <strong>Protect</strong>!<br></div><div class="battle-history"><small>The opposing Tornadus protected itself!</small><br></div><div class="spacer battle-history"><br></div><div class="battle-history">The opposing Indeedee-F used <strong>Protect</strong>!<br></div><div class="battle-history"><small>The opposing Indeedee-F protected itself!</small><br></div><div class="spacer battle-history"><br></div><div class="battle-history">Landorus-Therian used <strong>Rock Slide</strong>!<br></div><div class="battle-history"><small>The opposing Tornadus protected itself!</small><br></div><div class="battle-history"><small>The opposing Indeedee-F protected itself!</small><br></div><div class="spacer battle-history"><br></div><div class="battle-history"><small>Orthworm restored a little HP using its Leftovers!</small><br></div><div class="battle-history"><small>The weirdness disappeared from the battlefield!</small><br></div><div class="spacer battle-history"><br></div><h2 class="battle-history">Turn 8</h2><div class="spacer battle-history"><br></div><div class="battle-history"><small>The opposing Tornadus has Terastallized into the Steel-type!</small><br></div><div class="spacer battle-history"><br></div><div class="battle-history">The opposing Indeedee-F used <strong>Helping Hand</strong>!<br></div><div class="battle-history"><small>The opposing Indeedee-F is ready to help the opposing Tornadus!</small><br></div><div class="spacer battle-history"><br></div><div class="battle-history">Landorus-Therian used <strong>Rock Slide</strong>!<br></div><div class="battle-history"><small>It's not very effective on the opposing Tornadus.</small><br></div><div class="battle-history"><small>(The opposing Tornadus lost 10% of its health!)</small><br></div><div class="battle-history"><small>(The opposing Indeedee-F lost 20% of its health!)</small><br></div><div class="spacer battle-history"><br></div><div class="battle-history">The opposing Tornadus flinched and couldn't move!<br></div><div class="spacer battle-history"><br></div><div class="battle-history">Orthworm used <strong>Iron Defense</strong>!<br></div><div class="battle-history"><small>Orthworm's Defense rose sharply!</small><br></div><div class="spacer battle-history"><br></div><div class="battle-history"><small>Orthworm restored a little HP using its Leftovers!</small><br></div><div class="spacer battle-history"><br></div><h2 class="battle-history">Turn 9</h2><div class="spacer battle-history"><br></div><div class="battle-history">The opposing Indeedee-F used <strong>Follow Me</strong>!<br></div><div class="battle-history"><small>The opposing Indeedee-F became the center of attention!</small><br></div><div class="spacer battle-history"><br></div><div class="battle-history">Landorus-Therian used <strong>Earthquake</strong>!<br></div><div class="battle-history">[Orthworm's Earth Eater]<br><small>Orthworm had its HP restored.</small><br></div><div class="battle-history"><small>It's super effective on the opposing Tornadus!</small><br></div><div class="battle-history"><small>(The opposing Tornadus lost 25% of its health!)</small><br></div><div class="battle-history"><small>(The opposing Indeedee-F lost 20% of its health!)</small><br></div><div class="spacer battle-history"><br></div><div class="battle-history">The opposing Tornadus fainted!<br></div><div class="battle-history">The opposing Indeedee-F fainted!<br></div><div class="battle-history">Orthworm used <strong>Iron Defense</strong>!<br></div><div class="battle-history"><small>Orthworm's Defense rose sharply!</small><br></div><div class="spacer battle-history"><br></div><div class="battle-history">Hikawari sent out <strong>Urshifu-Rapid-Strike</strong>!<br></div><div class="spacer battle-history"><br></div><h2 class="battle-history">Turn 10</h2><div class="spacer battle-history"><br></div><div class="battle-history">Landorus-Therian used <strong>Stomping Tantrum</strong>!<br></div><div class="battle-history"><small>(The opposing Urshifu-Rapid-Strike lost 28% of its health!)</small><br></div><div class="spacer battle-history"><br></div><div class="battle-history">The opposing Urshifu-Rapid-Strike fainted!<br></div><div class="spacer battle-history"><br></div><div class="battle-history"><strong>salamionset</strong> won the battle!<br></div><div class="chat">salamionset's rating: 1647 → <strong>1672</strong><br>(+25 for winning)</div><div class="chat">Hikawari's rating: 1733 → <strong>1708</strong><br>(-25 for losing)</div><div class="chat"><small>☆Hikawari left</small></div></div><div class="inner-preempt message-log"></div></div></div>
</div>
<script>
let daily = Math.floor(Date.now()/1000/60/60/24);document.write('<script src="https://play.pokemonshowdown.com/js/replay-embed.js?version'+daily+'"></'+'script>');
</script>
