<!DOCTYPE html>
<meta charset="utf-8" />
<!-- version 1 -->
<title>[Gen 1] OU replay: salamionset vs. nickabd21</title>
<style>
html,body {font-family:Verdana, sans-serif;font-size:10pt;margin:0;padding:0;}body{padding:12px 0;} .battle-log {font-family:Verdana, sans-serif;font-size:10pt;} .battle-log-inline {border:1px solid #AAAAAA;background:#EEF2F5;color:black;max-width:640px;margin:0 auto 80px;padding-bottom:5px;} .battle-log .inner {padding:4px 8px 0px 8px;} .battle-log .inner-preempt {padding:0 8px 4px 8px;} .battle-log .inner-after {margin-top:0.5em;} .battle-log h2 {margin:0.5em -8px;padding:4px 8px;border:1px solid #AAAAAA;background:#E0E7EA;border-left:0;border-right:0;font-family:Verdana, sans-serif;font-size:13pt;} .battle-log .chat {vertical-align:middle;padding:3px 0 3px 0;font-size:8pt;} .battle-log .chat strong {color:#40576A;} .battle-log .chat em {padding:1px 4px 1px 3px;color:#000000;font-style:normal;} .chat.mine {background:rgba(0,0,0,0.05);margin-left:-8px;margin-right:-8px;padding-left:8px;padding-right:8px;} .spoiler {color:#BBBBBB;background:#BBBBBB;padding:0px 3px;} .spoiler:hover, .spoiler:active, .spoiler-shown {color:#000000;background:#E2E2E2;padding:0px 3px;} .spoiler a {color:#BBBBBB;} .spoiler:hover a, .spoiler:active a, .spoiler-shown a {color:#2288CC;} .chat code, .chat .spoiler:hover code, .chat .spoiler:active code, .chat .spoiler-shown code {border:1px solid #C0C0C0;background:#EEEEEE;color:black;padding:0 2px;} .chat .spoiler code {border:1px solid #CCCCCC;background:#CCCCCC;color:#CCCCCC;} .battle-log .rated {padding:3px 4px;} .battle-log .rated strong {color:white;background:#89A;padding:1px 4px;border-radius:4px;} .spacer {margin-top:0.5em;} .message-announce {background:#6688AA;color:white;padding:1px 4px 2px;} .message-announce a, .broadcast-green a, .broadcast-blue a, .broadcast-red a {color:#DDEEFF;} .broadcast-green {background-color:#559955;color:white;padding:2px 4px;} .broadcast-blue {background-color:#6688AA;color:white;padding:2px 4px;} .infobox {border:1px solid #6688AA;padding:2px 4px;} .infobox-limited {max-height:200px;overflow:auto;overflow-x:hidden;} .broadcast-red {background-color:#AA5544;color:white;padding:2px 4px;} .message-learn-canlearn {font-weight:bold;color:#228822;text-decoration:underline;} .message-learn-cannotlearn {font-weight:bold;color:#CC2222;text-decoration:underline;} .message-effect-weak {font-weight:bold;color:#CC2222;} .message-effect-resist {font-weight:bold;color:#6688AA;} .message-effect-immune {font-weight:bold;color:#666666;} .message-learn-list {margin-top:0;margin-bottom:0;} .message-throttle-notice, .message-error {color:#992222;} .message-overflow, .chat small.message-overflow {font-size:0pt;} .message-overflow::before {font-size:9pt;content:'...';} .subtle {color:#3A4A66;}
</style>
<div class="wrapper replay-wrapper" style="max-width:1180px;margin:0 auto">
<input type="hidden" name="replayid" value="gen1ou-2604949170" />
<div class="battle"></div><div class="battle-log"></div><div class="replay-controls"></div><div class="replay-controls-2"></div>
<h1 style="font-weight:normal;text-align:center"><strong>[Gen 1] OU</strong><br /><a href="http://pokemonshowdown.com/users/salamionset" class="subtle" target="_blank">salamionset</a> vs. <a href="http://pokemonshowdown.com/users/nickabd21" class="subtle" target="_blank">nickabd21</a></h1>
<script type="text/plain" class="battle-log-data">|j|☆salamionset

|j|☆nickabd21
|t:|1778258086
|gametype|singles
|player|p1|salamionset|266|1323
|player|p2|nickabd21|fisherman-gen4|1103
|gen|1
|tier|[Gen 1] OU
|rated|
|rule|Desync Clause Mod: Desyncs changed to move failure.
|rule|HP Percentage Mod: HP is shown in percentages
|rule|Endless Battle Clause: Forcing endless battles is banned
|rule|Sleep Clause Mod: Limit one foe put to sleep
|rule|Freeze Clause Mod: Limit one foe frozen
|rule|Species Clause: Limit one of each Pokémon
|rule|OHKO Clause: OHKO moves are banned
|rule|Evasion Moves Clause: Evasion moves are banned
|
|t:|1778258086
|teamsize|p1|6
|teamsize|p2|6
|start
|switch|p1a: Starmie|Starmie|323\/323
|switch|p2a: Jynx|Jynx|100\/100
|turn|1
|inactive|Battle timer is ON: inactive players will automatically lose when time's up. (requested by salamionset)
|inactive|nickabd21 has 120 seconds left.
|
|t:|1778258180
|move|p1a: Starmie|Surf|p2a: Jynx
|-damage|p2a: Jynx|68\/100
|move|p2a: Jynx|Lovely Kiss|p1a: Starmie|[miss]
|-miss|p2a: Jynx
|
|upkeep
|turn|2
|inactive|Time left: 150 sec this turn | 150 sec total
|
|t:|1778258188
|move|p1a: Starmie|Surf|p2a: Jynx
|-damage|p2a: Jynx|34\/100
|move|p2a: Jynx|Lovely Kiss|p1a: Starmie
|-status|p1a: Starmie|slp|[from] move: Lovely Kiss
|
|upkeep
|turn|3
|inactive|Time left: 150 sec this turn | 150 sec total
|
|t:|1778258196
|switch|p1a: Lapras|Lapras|463\/463
|move|p2a: Jynx|Seismic Toss|p1a: Lapras
|-damage|p1a: Lapras|363\/463
|
|upkeep
|turn|4
|inactive|Time left: 150 sec this turn | 150 sec total
|
|t:|1778258205
|switch|p2a: Starmie|Starmie|100\/100
|move|p1a: Lapras|Sing|p2a: Starmie
|-status|p2a: Starmie|slp|[from] move: Sing
|
|upkeep
|turn|5
|inactive|Time left: 150 sec this turn | 150 sec total
|
|t:|1778258216
|switch|p2a: Gengar|Gengar|100\/100
|switch|p1a: Venusaur|Venusaur|363\/363
|
|upkeep
|turn|6
|inactive|Time left: 150 sec this turn | 150 sec total
|
|t:|1778258225
|switch|p1a: Lapras|Lapras|363\/463
|move|p2a: Gengar|Psychic|p1a: Lapras
|-crit|p1a: Lapras
|-damage|p1a: Lapras|185\/463
|
|upkeep
|turn|7
|inactive|Time left: 150 sec this turn | 150 sec total
|
|t:|1778258231
|move|p2a: Gengar|Thunderbolt|p1a: Lapras
|-supereffective|p1a: Lapras
|-damage|p1a: Lapras|0 fnt
|faint|p1a: Lapras
|inactive|Time left: 150 sec this turn | 150 sec total | 5 sec grace
|
|t:|1778258239
|switch|p1a: Chansey|Chansey|703\/703
|turn|8
|inactive|Time left: 150 sec this turn | 150 sec total
|
|t:|1778258245
|move|p2a: Gengar|Psychic|p1a: Chansey
|-damage|p1a: Chansey|619\/703
|-unboost|p1a: Chansey|spa|1
|-unboost|p1a: Chansey|spd|1
|move|p1a: Chansey|Ice Beam|p2a: Gengar
|-damage|p2a: Gengar|87\/100
|
|upkeep
|turn|9
|inactive|Time left: 150 sec this turn | 150 sec total
|
|t:|1778258252
|move|p2a: Gengar|Psychic|p1a: Chansey
|-damage|p1a: Chansey|488\/703
|move|p1a: Chansey|Seismic Toss|p2a: Gengar
|-damage|p2a: Gengar|56\/100
|
|upkeep
|turn|10
|inactive|Time left: 150 sec this turn | 150 sec total
|
|t:|1778258259
|move|p2a: Gengar|Explosion|p1a: Chansey
|-damage|p1a: Chansey|0 fnt
|faint|p1a: Chansey
|faint|p2a: Gengar
|inactive|Time left: 150 sec this turn | 150 sec total | 5 sec grace
|
|t:|1778258267
|switch|p2a: Jynx|Jynx|34\/100
|switch|p1a: Persian|Persian|333\/333
|turn|11
|inactive|Time left: 150 sec this turn | 150 sec total
|
|t:|1778258273
|move|p1a: Persian|Slash|p2a: Jynx
|-crit|p2a: Jynx
|-damage|p2a: Jynx|0 fnt
|faint|p2a: Jynx
|
|t:|1778258279
|switch|p2a: Golem|Golem|100\/100
|turn|12
|inactive|Time left: 150 sec this turn | 150 sec total
|
|t:|1778258284
|move|p1a: Persian|Bubble Beam|p2a: Golem
|-crit|p2a: Golem
|-supereffective|p2a: Golem
|-damage|p2a: Golem|0 fnt
|faint|p2a: Golem
|
|t:|1778258291
|switch|p2a: Exeggutor|Exeggutor|100\/100
|turn|13
|inactive|Time left: 150 sec this turn | 150 sec total
|
|t:|1778258298
|move|p1a: Persian|Slash|p2a: Exeggutor
|-crit|p2a: Exeggutor
|-damage|p2a: Exeggutor|67\/100
|move|p2a: Exeggutor|Psychic|p1a: Persian
|-damage|p1a: Persian|172\/333
|-unboost|p1a: Persian|spa|1
|-unboost|p1a: Persian|spd|1
|
|upkeep
|turn|14
|inactive|Time left: 150 sec this turn | 150 sec total
|
|t:|1778258306
|move|p1a: Persian|Hyper Beam|p2a: Exeggutor
|-damage|p2a: Exeggutor|30\/100
|-mustrecharge|p1a: Persian
|move|p2a: Exeggutor|Psychic|p1a: Persian
|-crit|p1a: Persian
|-damage|p1a: Persian|0 fnt
|faint|p1a: Persian
|inactive|Time left: 150 sec this turn | 150 sec total
|
|t:|1778258310
|switch|p1a: Jolteon|Jolteon|333\/333
|turn|15
|inactive|Time left: 150 sec this turn | 150 sec total
|
|t:|1778258316
|move|p1a: Jolteon|Pin Missile|p2a: Exeggutor
|-supereffective|p2a: Exeggutor
|-damage|p2a: Exeggutor|19\/100
|-damage|p2a: Exeggutor|9\/100
|-damage|p2a: Exeggutor|0 fnt
|-hitcount|p2a: Exeggutor|3
|faint|p2a: Exeggutor
|
|t:|1778258323
|switch|p2a: Tauros|Tauros|100\/100
|turn|16
|inactive|Time left: 150 sec this turn | 150 sec total
|
|t:|1778258328
|move|p1a: Jolteon|Thunderbolt|p2a: Tauros
|-damage|p2a: Tauros|57\/100
|move|p2a: Tauros|Earthquake|p1a: Jolteon
|-supereffective|p1a: Jolteon
|-damage|p1a: Jolteon|118\/333
|
|upkeep
|turn|17
|inactive|Time left: 150 sec this turn | 150 sec total
|
|t:|1778258335
|move|p1a: Jolteon|Thunderbolt|p2a: Tauros
|-damage|p2a: Tauros|15\/100
|move|p2a: Tauros|Earthquake|p1a: Jolteon
|-crit|p1a: Jolteon
|-supereffective|p1a: Jolteon
|-damage|p1a: Jolteon|0 fnt
|faint|p1a: Jolteon
|inactive|Time left: 150 sec this turn | 150 sec total | 5 sec grace
|
|t:|1778258339
|switch|p1a: Venusaur|Venusaur|363\/363
|turn|18
|inactive|Time left: 150 sec this turn | 150 sec total
|
|t:|1778258347
|move|p2a: Tauros|Blizzard|p1a: Venusaur
|-supereffective|p1a: Venusaur
|-damage|p1a: Venusaur|223\/363
|move|p1a: Venusaur|Razor Leaf|p2a: Tauros
|-crit|p2a: Tauros
|-damage|p2a: Tauros|0 fnt
|faint|p2a: Tauros
|
|t:|1778258354
|switch|p2a: Starmie|Starmie|100\/100 slp
|turn|19
|inactive|Time left: 150 sec this turn | 150 sec total
|
|t:|1778258361
|cant|p2a: Starmie|slp
|move|p1a: Venusaur|Razor Leaf|p2a: Starmie
|-crit|p2a: Starmie
|-supereffective|p2a: Starmie
|-damage|p2a: Starmie|26\/100 slp
|
|upkeep
|turn|20
|inactive|Time left: 150 sec this turn | 150 sec total
|
|t:|1778258367
|cant|p2a: Starmie|slp
|move|p1a: Venusaur|Razor Leaf|p2a: Starmie
|-crit|p2a: Starmie
|-supereffective|p2a: Starmie
|-damage|p2a: Starmie|0 fnt
|faint|p2a: Starmie
|
|win|salamionset
|raw|salamionset's rating: 1323 &rarr; <strong>1332<\/strong><br \/>(+9 for winning)
|raw|nickabd21's rating: 1103 &rarr; <strong>1092<\/strong><br \/>(-11 for losing)</script>
</div>
<div class="battle-log battle-log-inline"><div class="inner"><div class="battle-options"><div style="padding-top: 3px; padding-right: 3px; text-align: right"><button class="icon button" name="openBattleOptions" title="Options">Battle Options</button></div></div><div class="inner message-log"><div class="chat"><small>☆salamionset and ☆nickabd21 joined</small></div><div class=""><small>Format:</small> <br><strong>[Gen 1] OU</strong></div><div class="rated"><strong>Rated battle</strong></div><div class=""><small><em>Desync Clause Mod:</em> Desyncs changed to move failure.</small></div><div class=""><small><em>HP Percentage Mod:</em> HP is shown in percentages</small></div><div class=""><small><em>Endless Battle Clause:</em> Forcing endless battles is banned</small></div><div class=""><small><em>Sleep Clause Mod:</em> Limit one foe put to sleep</small></div><div class=""><small><em>Freeze Clause Mod:</em> Limit one foe frozen</small></div><div class=""><small><em>Species Clause:</em> Limit one of each Pokémon</small></div><div class=""><small><em>OHKO Clause:</em> OHKO moves are banned</small></div><div class=""><small><em>Evasion Moves Clause:</em> Evasion moves are banned</small></div><div class="spacer battle-history"><br></div><div class="battle-history">Battle started between salamionset and nickabd21!<br></div><div class="spacer battle-history"><br></div><div class="battle-history">Go! <strong>Starmie</strong>!<br></div><div class="spacer battle-history"><br></div><div class="battle-history">nickabd21 sent out <strong>Jynx</strong>!<br></div><div class="spacer battle-history"><br></div><h2 class="battle-history">Turn 1</h2><div class="chat message-error">Battle timer is ON: inactive players will automatically lose when time's up. (requested by salamionset)</div><div class="chat message-error">nickabd21 has 120 seconds left.</div><div class="spacer battle-history"><br></div><div class="battle-history">Starmie used <strong>Surf</strong>!<br></div><div class="battle-history"><small>(The opposing Jynx lost 32% of its health!)</small><br></div><div class="spacer battle-history"><br></div><div class="battle-history">The opposing Jynx used <strong>Lovely Kiss</strong>!<br></div><div class="battle-history"><small>The opposing Jynx's attack missed!</small><br></div><div class="spacer battle-history"><br></div><h2 class="battle-history">Turn 2</h2><div class="spacer battle-history"><br></div><div class="battle-history">Starmie used <strong>Surf</strong>!<br></div><div class="battle-history"><small>(The opposing Jynx lost 34% of its health!)</small><br></div><div class="spacer battle-history"><br></div><div class="battle-history">The opposing Jynx used <strong>Lovely Kiss</strong>!<br></div><div class="battle-history"><small>Starmie fell asleep!</small><br></div><div class="spacer battle-history"><br></div><h2 class="battle-history">Turn 3</h2><div class="spacer battle-history"><br></div><div class="battle-history">Starmie, come back!<br></div><div class="battle-history">Go! <strong>Lapras</strong>!<br></div><div class="spacer battle-history"><br></div><div class="battle-history">The opposing Jynx used <strong>Seismic Toss</strong>!<br></div><div class="battle-history"><small>(Lapras lost <abbr title="−100/463">21.6%</abbr> of its health!)</small><br></div><div class="spacer battle-history"><br></div><h2 class="battle-history">Turn 4</h2><div class="spacer battle-history"><br></div><div class="battle-history">nickabd21 withdrew Jynx!<br></div><div class="battle-history">nickabd21 sent out <strong>Starmie</strong>!<br></div><div class="spacer battle-history"><br></div><div class="battle-history">Lapras used <strong>Sing</strong>!<br></div><div class="battle-history"><small>The opposing Starmie fell asleep!</small><br></div><div class="spacer battle-history"><br></div><h2 class="battle-history">Turn 5</h2><div class="spacer battle-history"><br></div><div class="battle-history">nickabd21 withdrew Starmie!<br></div><div class="battle-history">nickabd21 sent out <strong>Gengar</strong>!<br></div><div class="spacer battle-history"><br></div><div class="battle-history">Lapras, come back!<br></div><div class="battle-history">Go! <strong>Venusaur</strong>!<br></div><div class="spacer battle-history"><br></div><h2 class="battle-history">Turn 6</h2><div class="spacer battle-history"><br></div><div class="battle-history">Venusaur, come back!<br></div><div class="battle-history">Go! <strong>Lapras</strong>!<br></div><div class="spacer battle-history"><br></div><div class="battle-history">The opposing Gengar used <strong>Psychic</strong>!<br></div><div class="battle-history"><small>A critical hit!</small><br></div><div class="battle-history"><small>(Lapras lost <abbr title="−178/463">38.4%</abbr> of its health!)</small><br></div><div class="spacer battle-history"><br></div><h2 class="battle-history">Turn 7</h2><div class="spacer battle-history"><br></div><div class="battle-history">The opposing Gengar used <strong>Thunderbolt</strong>!<br></div><div class="battle-history"><small>It's super effective!</small><br></div><div class="battle-history"><small>(Lapras lost <abbr title="−185/463">40.0%</abbr> of its health!)</small><br></div><div class="spacer battle-history"><br></div><div class="battle-history">Lapras fainted!<br></div><div class="spacer battle-history"><br></div><div class="battle-history">Go! <strong>Chansey</strong>!<br></div><div class="spacer battle-history"><br></div><h2 class="battle-history">Turn 8</h2><div class="spacer battle-history"><br></div><div class="battle-history">The opposing Gengar used <strong>Psychic</strong>!<br></div><div class="battle-history"><small>(Chansey lost <abbr title="−84/703">11.9%</abbr> of its health!)</small><br></div><div class="battle-history"><small>Chansey's Special fell!</small><br></div><div class="spacer battle-history"><br></div><div class="battle-history">Chansey used <strong>Ice Beam</strong>!<br></div><div class="battle-history"><small>(The opposing Gengar lost 13% of its health!)</small><br></div><div class="spacer battle-history"><br></div><h2 class="battle-history">Turn 9</h2><div class="spacer battle-history"><br></div><div class="battle-history">The opposing Gengar used <strong>Psychic</strong>!<br></div><div class="battle-history"><small>(Chansey lost <abbr title="−131/703">18.6%</abbr> of its health!)</small><br></div><div class="spacer battle-history"><br></div><div class="battle-history">Chansey used <strong>Seismic Toss</strong>!<br></div><div class="battle-history"><small>(The opposing Gengar lost 31% of its health!)</small><br></div><div class="spacer battle-history"><br></div><h2 class="battle-history">Turn 10</h2><div class="spacer battle-history"><br></div><div class="battle-history">The opposing Gengar used <strong>Explosion</strong>!<br></div><div class="battle-history"><small>(Chansey lost <abbr title="−488/703">69.4%</abbr> of its health!)</small><br></div><div class="spacer battle-history"><br></div><div class="battle-history">Chansey fainted!<br></div><div class="battle-history">The opposing Gengar fainted!<br></div><div class="spacer battle-history"><br></div><div class="battle-history">nickabd21 sent out <strong>Jynx</strong>!<br></div><div class="spacer battle-history"><br></div><div class="battle-history">Go! <strong>Persian</strong>!<br></div><div class="spacer battle-history"><br></div><h2 class="battle-history">Turn 11</h2><div class="spacer battle-history"><br></div><div class="battle-history">Persian used <strong>Slash</strong>!<br></div><div class="battle-history"><small>A critical hit!</small><br></div><div class="battle-history"><small>(The opposing Jynx lost 34% of its health!)</small><br></div><div class="spacer battle-history"><br></div><div class="battle-history">The opposing Jynx fainted!<br></div><div class="spacer battle-history"><br></div><div class="battle-history">nickabd21 sent out <strong>Golem</strong>!<br></div><div class="spacer battle-history"><br></div><h2 class="battle-history">Turn 12</h2><div class="spacer battle-history"><br></div><div class="battle-history">Persian used <strong>Bubble Beam</strong>!<br></div><div class="battle-history"><small>A critical hit!</small><br></div><div class="battle-history"><small>It's super effective!</small><br></div><div class="battle-history"><small>(The opposing Golem lost 100% of its health!)</small><br></div><div class="spacer battle-history"><br></div><div class="battle-history">The opposing Golem fainted!<br></div><div class="spacer battle-history"><br></div><div class="battle-history">nickabd21 sent out <strong>Exeggutor</strong>!<br></div><div class="spacer battle-history"><br></div><h2 class="battle-history">Turn 13</h2><div class="spacer battle-history"><br></div><div class="battle-history">Persian used <strong>Slash</strong>!<br></div><div class="battle-history"><small>A critical hit!</small><br></div><div class="battle-history"><small>(The opposing Exeggutor lost 33% of its health!)</small><br></div><div class="spacer battle-history"><br></div><div class="battle-history">The opposing Exeggutor used <strong>Psychic</strong>!<br></div><div class="battle-history"><small>(Persian lost <abbr title="−161/333">48.3%</abbr> of its health!)</small><br></div><div class="battle-history"><small>Persian's Special fell!</small><br></div><div class="spacer battle-history"><br></div><h2 class="battle-history">Turn 14</h2><div class="spacer battle-history"><br></div><div class="battle-history">Persian used <strong>Hyper Beam</strong>!<br></div><div class="battle-history"><small>(The opposing Exeggutor lost 37% of its health!)</small><br></div><div class="spacer battle-history"><br></div><div class="battle-history">The opposing Exeggutor used <strong>Psychic</strong>!<br></div><div class="battle-history"><small>A critical hit!</small><br></div><div class="battle-history"><small>(Persian lost <abbr title="−172/333">51.7%</abbr> of its health!)</small><br></div><div class="spacer battle-history"><br></div><div class="battle-history">Persian fainted!<br></div><div class="spacer battle-history"><br></div><div class="battle-history">Go! <strong>Jolteon</strong>!<br></div><div class="spacer battle-history"><br></div><h2 class="battle-history">Turn 15</h2><div class="spacer battle-history"><br></div><div class="battle-history">Jolteon used <strong>Pin Missile</strong>!<br></div><div class="battle-history"><small>It's super effective!</small><br></div><div class="battle-history"><small>(The opposing Exeggutor lost 11% of its health!)</small><br></div><div class="battle-history"><small>(The opposing Exeggutor lost 10% of its health!)</small><br></div><div class="battle-history"><small>(The opposing Exeggutor lost 9% of its health!)</small><br></div><div class="battle-history"><small>The Pokémon was hit 3 times!</small><br></div><div class="spacer battle-history"><br></div><div class="battle-history">The opposing Exeggutor fainted!<br></div><div class="spacer battle-history"><br></div><div class="battle-history">nickabd21 sent out <strong>Tauros</strong>!<br></div><div class="spacer battle-history"><br></div><h2 class="battle-history">Turn 16</h2><div class="spacer battle-history"><br></div><div class="battle-history">Jolteon used <strong>Thunderbolt</strong>!<br></div><div class="battle-history"><small>(The opposing Tauros lost 43% of its health!)</small><br></div><div class="spacer battle-history"><br></div><div class="battle-history">The opposing Tauros used <strong>Earthquake</strong>!<br></div><div class="battle-history"><small>It's super effective!</small><br></div><div class="battle-history"><small>(Jolteon lost <abbr title="−215/333">64.6%</abbr> of its health!)</small><br></div><div class="spacer battle-history"><br></div><h2 class="battle-history">Turn 17</h2><div class="spacer battle-history"><br></div><div class="battle-history">Jolteon used <strong>Thunderbolt</strong>!<br></div><div class="battle-history"><small>(The opposing Tauros lost 42% of its health!)</small><br></div><div class="spacer battle-history"><br></div><div class="battle-history">The opposing Tauros used <strong>Earthquake</strong>!<br></div><div class="battle-history"><small>A critical hit!</small><br></div><div class="battle-history"><small>It's super effective!</small><br></div><div class="battle-history"><small>(Jolteon lost <abbr title="−118/333">35.4%</abbr> of its health!)</small><br></div><div class="spacer battle-history"><br></div><div class="battle-history">Jolteon fainted!<br></div><div class="spacer battle-history"><br></div><div class="battle-history">Go! <strong>Venusaur</strong>!<br></div><div class="spacer battle-history"><br></div><h2 class="battle-history">Turn 18</h2><div class="spacer battle-history"><br></div><div class="battle-history">The opposing Tauros used <strong>Blizzard</strong>!<br></div><div class="battle-history"><small>It's super effective!</small><br></div><div class="battle-history"><small>(Venusaur lost <abbr title="−140/363">38.6%</abbr> of its health!)</small><br></div><div class="spacer battle-history"><br></div><div class="battle-history">Venusaur used <strong>Razor Leaf</strong>!<br></div><div class="battle-history"><small>A critical hit!</small><br></div><div class="battle-history"><small>(The opposing Tauros lost 15% of its health!)</small><br></div><div class="spacer battle-history"><br></div><div class="battle-history">The opposing Tauros fainted!<br></div><div class="spacer battle-history"><br></div><div class="battle-history">nickabd21 sent out <strong>Starmie</strong>!<br></div><div class="spacer battle-history"><br></div><h2 class="battle-history">Turn 19</h2><div class="spacer battle-history"><br></div><div class="battle-history">The opposing Starmie is fast asleep.<br></div><div class="spacer battle-history"><br></div><div class="battle-history">Venusaur used <strong>Razor Leaf</strong>!<br></div><div class="battle-history"><small>A critical hit!</small><br></div><div class="battle-history"><small>It's super effective!</small><br></div><div class="battle-history"><small>(The opposing Starmie lost 74% of its health!)</small><br></div><div class="spacer battle-history"><br></div><h2 class="battle-history">Turn 20</h2><div class="spacer battle-history"><br></div><div class="battle-history">The opposing Starmie is fast asleep.<br></div><div class="spacer battle-history"><br></div><div class="battle-history">Venusaur used <strong>Razor Leaf</strong>!<br></div><div class="battle-history"><small>A critical hit!</small><br></div><div class="battle-history"><small>It's super effective!</small><br></div><div class="battle-history"><small>(The opposing Starmie lost 26% of its health!)</small><br></div><div class="spacer battle-history"><br></div><div class="battle-history">The opposing Starmie fainted!<br></div><div class="spacer battle-history"><br></div><div class="battle-history"><strong>salamionset</strong> won the battle!<br></div><div class="chat">salamionset's rating: 1323 → <strong>1332</strong><br>(+9 for winning)</div><div class="chat">nickabd21's rating: 1103 → <strong>1092</strong><br>(-11 for losing)</div></div><div class="inner-preempt message-log"></div></div></div>
</div>
<script>
let daily = Math.floor(Date.now()/1000/60/60/24);document.write('<script src="https://play.pokemonshowdown.com/js/replay-embed.js?version'+daily+'"></'+'script>');
</script>
